@article{tadic2021application,
  title={The application of drones in city logistics concepts},
  author={Tadi{\'c}, Sne{\v{z}}ana and Kova{\v{c}}, Milovan and {\v{C}}okorilo, Olja},
  journal={Promet-Traffic\&Transportation},
  volume={33},
  number={3},
  pages={451--462},
  year={2021},
  publisher={Sveu{\v{c}}ili{\v{s}}te u Zagrebu Fakultet prometnih znanosti}
}

@article{doornbos2024drone,
  title={Drone Technologies: A Tertiary Systematic Literature Review on a Decade of Improvements},
  author={Doornbos, Jurrian and Bennin, Kwabena E and Babur, {\"O}nder and Valente, Jo{\~a}o},
  journal={IEEE Access},
  year={2024},
  publisher={IEEE}
}

@inproceedings{adorni2021literature,
  title={Literature review on drones used in the surveillance field},
  author={Adorni, Emanuele and Rozhok, Anastasiia and Revetria, Roberto and Ivanov, Mikhail},
  booktitle={Lecture Notes in Engineering and Computer Science: Proceedings of the International MultiConference of Engineers and Computer Scientists},
  pages={20--22},
  year={2021}
}

@article{lee2023review,
  title={A Review on intelligent control theory and applications in process optimization and smart manufacturing},
  author={Lee, Min-Fan Ricky},
  journal={Processes},
  volume={11},
  number={11},
  pages={3171},
  year={2023},
  publisher={MDPI}
}

@article{schwenzer2021review,
  title={Review on model predictive control: An engineering perspective},
  author={Schwenzer, Max and Ay, Muzaffer and Bergs, Thomas and Abel, Dirk},
  journal={The International Journal of Advanced Manufacturing Technology},
  volume={117},
  number={5},
  pages={1327--1349},
  year={2021},
  publisher={Springer}
}

@article{borase2021review,
  title={A review of PID control, tuning methods and applications},
  author={Borase, Rakesh P and Maghade, DK and Sondkar, SY and Pawar, SN},
  journal={International Journal of Dynamics and Control},
  volume={9},
  pages={818--827},
  year={2021},
  publisher={Springer}
}


